@article{Mac67,
author = "MacQueen, J.B.",
title = "Some methods for classification and analysis of multivariante obesrvations",
journal = " Proceedings of the Fifth Symposium on Math, Statistics, and Probability",
year = "1967",
pages = "281-297",
publisher = "University of California Press."
}

@article{Vinc10,
author = "Vincent, P. and Larochelle, H. and Lajoie, I. and Bengio, Y. and Man-zagol, P.A",
title = "Stacked denoising autoencoders: Learning useful  representations  in  a  deep  network  with  a  local denoising criterion",
journal = "Journal of Machine Learning Research",
year = "Dec 2010",
pages = "11:3371-3408"
}

@article{Yang17,
author = "Yang, Bo and Xiao, Fu and Nicolas, D. and Mingyi Hong",
title = "Simultaneous Deep Learning and Clustering",
journal = "In Proceedings of the 34th International Conference on Machine Learning",
year = "2017",
pages = "3861-3870"
}

@article{Mik13,
author = "Tomas, Mikolov and Kai, Chen and Greg, Corrado and Jeffrey, Dean",
title = "Efficient estimation of word representations in vector space",
journal = "In Proceedings of Workshop at ICLR",
year = "2013a",
}

@article{Quo14,
author = "Tomas, Mikolov and Quoc, V. Le",
title = "Distributed Representations of Sentences and Documents",
journal = "In Proceedings of the 31st International Conference on Machine Learning",
year = "May 2014",
}

@article{Har94,
author = "Harris, Zellig S.",
title = "Distributional structure",
year = "1994",
}
