@book{bible,
    author    = "God and Others",
    title     = "The Bible",
    publisher = "One of those Churches",
    %volume   = "",
    %number   = "",
    %series   = "",
    %address  = "",
    %edition  = "",
    year      = "-7000",
    %month    = "",
    %note     = "",
}