maxence@sibyl.2035:1527624767